<record xmlns="http://www.openarchives.org/OAI/2.0/" xmlns:xsi="http://www.w3.org/2001/XMLSchema-instance"><header><identifier>oai:alma.34CSIC_INST:990012232720204201</identifier><datestamp>2020-02-06T08:41:03Z</datestamp><setSpec>manuscripta</setSpec></header><metadata><record xmlns="http://www.loc.gov/MARC21/slim" xmlns:xsi="http://www.w3.org/2001/XMLSchema-instance" xsi:schemaLocation="http://www.loc.gov/MARC21/slim http://www.loc.gov/standards/marcxml/schema/MARC21slim.xsd"><leader>04292ntm a2200457 i 4500</leader><controlfield tag="005">20181031100339.0</controlfield><controlfield tag="008">100224m16001700xx            000 0 heb d</controlfield><controlfield tag="001">990012232720204201</controlfield><datafield tag="035" ind1=" " ind2=" "><subfield code="a">CSIC001223272</subfield></datafield><datafield tag="035" ind1=" " ind2=" "><subfield code="a">(ES-MaCSI)001223272MAD01-Aleph</subfield></datafield><datafield tag="035" ind1=" " ind2=" "><subfield code="a">(OCoLC)1123825055
</subfield></datafield><datafield tag="040" ind1=" " ind2=" "><subfield code="a">ES-MaCSI</subfield><subfield code="b">spa</subfield></datafield><datafield tag="080" ind1=" " ind2=" "><subfield code="a">091(=411.16)</subfield></datafield><datafield tag="245" ind1="1" ind2="0"><subfield code="a">[Miscelánea]</subfield><subfield code="h">[Manuscrito]</subfield></datafield><datafield tag="260" ind1=" " ind2=" "><subfield code="a">[S.l.],</subfield><subfield code="c">[1600-1700].</subfield></datafield><datafield tag="300" ind1=" " ind2=" "><subfield code="a">260 f. (28-33 lín.) ;</subfield><subfield code="c">20,5 x 15 cm.</subfield></datafield><datafield tag="490" ind1="0" ind2=" "><subfield code="a">Manuscripta</subfield></datafield><datafield tag="500" ind1=" " ind2=" "><subfield code="a">Papel</subfield></datafield><datafield tag="500" ind1=" " ind2=" "><subfield code="a">Distribución línea tirada, 28-33 lín.</subfield></datafield><datafield tag="500" ind1=" " ind2=" "><subfield code="a">Lugar de escritura: Monastir</subfield></datafield><datafield tag="500" ind1=" " ind2=" "><subfield code="a">2 Copistas: Shelomo y Yitzhaq Calvo?</subfield></datafield><datafield tag="500" ind1=" " ind2=" "><subfield code="a">Características especiales: texto ocasionalmente dispuesto en col. Secciones introducidas por el nombre de la perícopa correspondiente o por títulos en letra de mayor tamaño</subfield></datafield><datafield tag="500" ind1=" " ind2=" "><subfield code="a">Tipo de cuaderno: cuad. de composición irregular.</subfield></datafield><datafield tag="500" ind1=" " ind2=" "><subfield code="a">Manchas de humedad y agujeros de polilla</subfield></datafield><datafield tag="500" ind1=" " ind2=" "><subfield code="a">H en blanco: 2r, 3r, 5-7, 91v, 259v, 260r.</subfield></datafield><datafield tag="500" ind1=" " ind2=" "><subfield code="a">H dañadas, mutiladas, sueltas: 5 y 6 mutilados</subfield></datafield><datafield tag="500" ind1=" " ind2=" "><subfield code="a">Colofón: f. 1v: פה בעירו מונישטירייו בילוו ראש חדש אייר משנת תגל נפשי באלהי.</subfield></datafield><datafield tag="500" ind1=" " ind2=" "><subfield code="a">Colofón f. 105 r: ספר נגיד ומצוה אשר בו נכללים כל מנהגים של הרב זלהה בקיצור אשר אני צמח סדרתיו בדמשק שנת בשפח ליצירה</subfield></datafield><datafield tag="500" ind1=" " ind2=" "><subfield code="a">Ejercicios de caligrafía judeo-español y diversas anotaciones en el f. 260v</subfield></datafield><datafield tag="500" ind1=" " ind2=" "><subfield code="a">Reclamos en cada pág. Hasta el f. 90 y del f. 105 al 206, ocasionalmente en el resto.</subfield></datafield><datafield tag="500" ind1=" " ind2=" "><subfield code="a">Filigrana</subfield></datafield><datafield tag="500" ind1=" " ind2=" "><subfield code="a">Signatura antigua: CVI-M/109</subfield></datafield><datafield tag="505" ind1="0" ind2="0"><subfield code="a">Introducción a una obra llamada Tzehoq asa li, de autor desconocido (un tal Shelomo, de Monastir?) 1, Poema con el acróstico de Yitzhaq Calvo, compilador o copista 2v, Lista de circuncisiones realizadas por Yosef Qafsut 4, Tzehoq asa li (recopilación de comentarios bíblicos y rabínicos), de autor desconocido 8r-92v, Guía de recitaciones rituales 93r, Índice del contenido del resto del ms. 94r-98r, Composiciones y sentencias diversas 98v-100v, Totzot Hayyim o Reshit Hokma qatzar (resumen o extractos de distintos autores sobre el Reshit Hokma de Eliyahu b. Moshe de Vidas) 101r-104v, Sefer nagid u metzave, de Yaaqob b. Hayyim Tzemah 105r-207r, Encabezamiento de una compilación titulada Hidushim lequtim 207v, Sentencias rabínicas 208r-209r, Amuleto 209v, Disquisición litúrgica 210, Disquisiciones cabalísticas sobre expresiones bíblicas (estos f. parecen estar fuera de lugar) 211r-212v, Comentarios a diversos fragmentos bíblicos, de midrash y de otra índole sobre innumerables temas 213r-259r</subfield></datafield><datafield tag="515" ind1=" " ind2=" "><subfield code="a">Tres foliaciones distintas originales y una moderna a lápiz con números arábigos (fol. de referencia)</subfield></datafield><datafield tag="541" ind1=" " ind2=" "><subfield code="a">Procedencia: Desconocida</subfield></datafield><datafield tag="546" ind1=" " ind2=" "><subfield code="a">Hebreo</subfield><subfield code="b">Escritura hebrea sefardí cursiva</subfield></datafield><datafield tag="563" ind1=" " ind2=" "><subfield code="a">Enc. en piel marrón sobre pasta, tapas desprendidas de los cuad., lomo de 3 nervios; s. XVIII?</subfield></datafield><datafield tag="650" ind1=" " ind2="7"><subfield code="a">Manuscritos hebreos.</subfield><subfield code="2">CSICAU</subfield></datafield><datafield tag="830" ind1=" " ind2="0"><subfield code="a">Manuscripta</subfield></datafield><datafield tag="856" ind1="4" ind2="1"><subfield code="u">http://aleph.csic.es/imagenes/mad01/0006_PMSC/P_001223272_642867_V00.pdf</subfield><subfield code="z">Descargar Pdf completo (33M)</subfield><subfield code="m">CSIC</subfield></datafield><datafield tag="856" ind1="4" ind2="1"><subfield code="u">http://simurg.bibliotecas.csic.es/viewer/image/CSIC001223272/1/</subfield><subfield code="z">Ver texto completo en SIMURG, el portal de fondos digitalizados del CSIC</subfield><subfield code="m">CSIC</subfield></datafield><datafield tag="856" ind1="4" ind2="1"><subfield code="u">http://aleph.csic.es/imagenes/mad01/0006_PMSC/html/001223272.html</subfield><subfield code="z">Ver texto completo en Bookreader</subfield></datafield></record></metadata></record>